@article{i2004patterns,
  title={Patterns in syntactic dependency networks},
  author={i Cancho, Ramon Ferrer and Sol{\'e}, Ricard V and K{\"o}hler, Reinhard},
  journal={Physical Review E},
  volume={69},
  number={5},
  pages={051915},
  year={2004},
  publisher={APS}
}

@article{blitzstein2011sequential,
  title={A sequential importance sampling algorithm for generating random graphs with prescribed degrees},
  author={Blitzstein, Joseph and Diaconis, Persi},
  journal={Internet mathematics},
  volume={6},
  number={4},
  pages={489--522},
  year={2011},
  publisher={Taylor \& Francis}
}

@article{coolen2009constrained,
  title={Constrained Markovian dynamics of random graphs},
  author={Coolen, Antoon CC and De Martino, Andrea and Annibale, Alessia},
  journal={Journal of Statistical Physics},
  volume={136},
  pages={1035--1067},
  year={2009},
  publisher={Springer}
}

@article{milo2003uniform,
  title={On the uniform generation of random graphs with prescribed degree sequences},
  author={Milo, Ron and Kashtan, Nadav and Itzkovitz, Shalev and Newman, Mark EJ and Alon, Uri},
  journal={arXiv preprint cond-mat/0312028},
  year={2003}
}

@book{siek2001boost,
  title={The Boost Graph Library: User Guide and Reference Manual, The},
  author={Siek, Jeremy G and Lee, Lie-Quan and Lumsdaine, Andrew},
  year={2001},
  publisher={Pearson Education}
}

@book{newman2018networks,
  title={Networks},
  author={Newman, Mark},
  year={2018},
  publisher={Oxford university press}
}

@article{hu2022bounds,
  title={Bounds on the closeness centrality of a graph},
  author={Hu, Xin and Islam, Abdellah and Britz, Thomas},
  journal={arXiv preprint arXiv:2204.11283},
  year={2022}
}