@article{Disc_Trunc_Zipf,
author = {Boamah‐Addo, Kwame and Kozubowski, Tomasz and Panorska, Anna},
year = {2022},
month = {09},
pages = {},
title = {A discrete truncated Zipf distribution},
volume = {77},
journal = {Statistica Neerlandica},
doi = {10.1111/stan.12280}
}
@Inbook{Akaike1998,
author="Akaike, Hirotogu",
editor="Parzen, Emanuel
and Tanabe, Kunio
and Kitagawa, Genshiro",
title="Information Theory and an Extension of the Maximum Likelihood Principle",
bookTitle="Selected Papers of Hirotugu Akaike",
year="1998",
publisher="Springer New York",
address="New York, NY",
pages="199--213",
abstract="In this paper it is shown that the classical maximum likelihood principle can be considered to be a method of asymptotic realization of an optimum estimate with respect to a very general information theoretic criterion. This observation shows an extension of the principle to provide answers to many practical problems of statistical model fitting.",
isbn="978-1-4612-1694-0",
doi="10.1007/978-1-4612-1694-0_15",
url="https://doi.org/10.1007/978-1-4612-1694-0_15"
}
@article{altmann1980prolegomena,
  title={Prolegomena to Menzerath’s law},
  author={Altmann, Gabriel},
  journal={Glottometrika},
  volume={2},
  number={2},
  pages={1--10},
  year={1980},
  publisher={Bochum}
}
