@article{Ferrer_i_Cancho_2014,
	doi = {10.1209/0295-5075/108/58003},
  
	url = {https://doi.org/10.1209%2F0295-5075%2F108%2F58003},
  
	year = 2014,
	month = {dec},
  
	publisher = {{IOP} Publishing},
  
	volume = {108},
  
	number = {5},
  
	pages = {58003},
  
	author = {R. Ferrer-i-Cancho},
  
	title = {A stronger null hypothesis for crossing dependencies},
  
	journal = {{EPL} (Europhysics Letters)}
}