@article{Erdos1984OnTE,
  title={On the evolution of random graphs},
  author={Paul L. Erdos and Alfr{\'e}d R{\'e}nyi},
  journal={Transactions of the American Mathematical Society},
  year={1984},
  volume={286},
  pages={257-257},
  url={https://api.semanticscholar.org/CorpusID:6829589}
}