@article{Chakrabarti2008,
  title = {Epidemic thresholds in real networks},
  volume = {10},
  ISSN = {1557-7406},
  url = {http://dx.doi.org/10.1145/1284680.1284681},
  DOI = {10.1145/1284680.1284681},
  number = {4},
  journal = {ACM Transactions on Information and System Security},
  publisher = {Association for Computing Machinery (ACM)},
  author = {Chakrabarti,  Deepayan and Wang,  Yang and Wang,  Chenxi and Leskovec,  Jurij and Faloutsos,  Christos},
  year = {2008},
  month = jan,
  pages = {1â€“26}
}